%YAML 1.1
%TAG !u! tag:unity3d.com,2011:
--- !u!1 &4194928020594508316
GameObject:
  m_ObjectHideFlags: 0
  m_CorrespondingSourceObject: {fileID: 0}
  m_PrefabInstance: {fileID: 0}
  m_PrefabAsset: {fileID: 0}
  serializedVersion: 6
  m_Component:
  - component: {fileID: 4194928020594508293}
  - component: {fileID: 4194928020594508290}
  - component: {fileID: 4194928020594508291}
  - component: {fileID: 4194928020594508288}
  - component: {fileID: 4194928020594508289}
  - component: {fileID: 4194928020594508319}
  - component: {fileID: 4194928020594508318}
  m_Layer: 0
  m_Name: Player2
  m_TagString: Untagged
  m_Icon: {fileID: 0}
  m_NavMeshLayer: 0
  m_StaticEditorFlags: 0
  m_IsActive: 1
--- !u!4 &4194928020594508293
Transform:
  m_ObjectHideFlags: 0
  m_CorrespondingSourceObject: {fileID: 0}
  m_PrefabInstance: {fileID: 0}
  m_PrefabAsset: {fileID: 0}
  m_GameObject: {fileID: 4194928020594508316}
  m_LocalRotation: {x: 0, y: 0, z: 0.86602545, w: 0.49999994}
  m_LocalPosition: {x: 0, y: 0, z: 0}
  m_LocalScale: {x: 1, y: 1, z: 1}
  m_Children:
  - {fileID: 4194928020895761194}
  - {fileID: 9173221119692165584}
  m_Father: {fileID: 0}
  m_RootOrder: 0
  m_LocalEulerAnglesHint: {x: 0, y: 0, z: 120}
--- !u!33 &4194928020594508290
MeshFilter:
  m_ObjectHideFlags: 0
  m_CorrespondingSourceObject: {fileID: 0}
  m_PrefabInstance: {fileID: 0}
  m_PrefabAsset: {fileID: 0}
  m_GameObject: {fileID: 4194928020594508316}
  m_Mesh: {fileID: 10208, guid: 0000000000000000e000000000000000, type: 0}
--- !u!23 &4194928020594508291
MeshRenderer:
  m_ObjectHideFlags: 0
  m_CorrespondingSourceObject: {fileID: 0}
  m_PrefabInstance: {fileID: 0}
  m_PrefabAsset: {fileID: 0}
  m_GameObject: {fileID: 4194928020594508316}
  m_Enabled: 0
  m_CastShadows: 1
  m_ReceiveShadows: 1
  m_DynamicOccludee: 1
  m_MotionVectors: 1
  m_LightProbeUsage: 1
  m_ReflectionProbeUsage: 1
  m_RenderingLayerMask: 1
  m_RendererPriority: 0
  m_Materials:
  - {fileID: 2100000, guid: 22a1b3e57bb45e34893dcd2714692c08, type: 2}
  m_StaticBatchInfo:
    firstSubMesh: 0
    subMeshCount: 0
  m_StaticBatchRoot: {fileID: 0}
  m_ProbeAnchor: {fileID: 0}
  m_LightProbeVolumeOverride: {fileID: 0}
  m_ScaleInLightmap: 1
  m_ReceiveGI: 1
  m_PreserveUVs: 0
  m_IgnoreNormalsForChartDetection: 0
  m_ImportantGI: 0
  m_StitchLightmapSeams: 1
  m_SelectedEditorRenderState: 3
  m_MinimumChartSize: 4
  m_AutoUVMaxDistance: 0.5
  m_AutoUVMaxAngle: 89
  m_LightmapParameters: {fileID: 0}
  m_SortingLayerID: 0
  m_SortingLayer: 0
  m_SortingOrder: 0
--- !u!136 &4194928020594508288
CapsuleCollider:
  m_ObjectHideFlags: 0
  m_CorrespondingSourceObject: {fileID: 0}
  m_PrefabInstance: {fileID: 0}
  m_PrefabAsset: {fileID: 0}
  m_GameObject: {fileID: 4194928020594508316}
  m_Material: {fileID: 0}
  m_IsTrigger: 0
  m_Enabled: 1
  m_Radius: 0.5
  m_Height: 2
  m_Direction: 1
  m_Center: {x: 0, y: 0, z: 0}
--- !u!54 &4194928020594508289
Rigidbody:
  m_ObjectHideFlags: 0
  m_CorrespondingSourceObject: {fileID: 0}
  m_PrefabInstance: {fileID: 0}
  m_PrefabAsset: {fileID: 0}
  m_GameObject: {fileID: 4194928020594508316}
  serializedVersion: 2
  m_Mass: 10
  m_Drag: 0
  m_AngularDrag: 0.5
  m_UseGravity: 1
  m_IsKinematic: 0
  m_Interpolate: 0
  m_Constraints: 0
  m_CollisionDetection: 0
--- !u!114 &4194928020594508319
MonoBehaviour:
  m_ObjectHideFlags: 0
  m_CorrespondingSourceObject: {fileID: 0}
  m_PrefabInstance: {fileID: 0}
  m_PrefabAsset: {fileID: 0}
  m_GameObject: {fileID: 4194928020594508316}
  m_Enabled: 0
  m_EditorHideFlags: 0
  m_Script: {fileID: 11500000, guid: 2b659ec472013ed43b1843c890c91749, type: 3}
  m_Name: 
  m_EditorClassIdentifier: 
  p: {fileID: 0}
--- !u!114 &4194928020594508318
MonoBehaviour:
  m_ObjectHideFlags: 0
  m_CorrespondingSourceObject: {fileID: 0}
  m_PrefabInstance: {fileID: 0}
  m_PrefabAsset: {fileID: 0}
  m_GameObject: {fileID: 4194928020594508316}
  m_Enabled: 1
  m_EditorHideFlags: 0
  m_Script: {fileID: 11500000, guid: 145012c97ee2dd1408a8d52c06b570f9, type: 3}
  m_Name: 
  m_EditorClassIdentifier: 
  aceleracao: 0.25
  rb: {fileID: 4194928020594508289}
  gravidade_tubo: 0.05
  dead: 0
  p: {fileID: 4194928020594508316}
  points: 0
--- !u!1 &4194928020895761190
GameObject:
  m_ObjectHideFlags: 0
  m_CorrespondingSourceObject: {fileID: 0}
  m_PrefabInstance: {fileID: 0}
  m_PrefabAsset: {fileID: 0}
  serializedVersion: 6
  m_Component:
  - component: {fileID: 4194928020895761194}
  - component: {fileID: 4194928020895761195}
  - component: {fileID: 4194928020895761193}
  m_Layer: 0
  m_Name: Camera2
  m_TagString: Untagged
  m_Icon: {fileID: 0}
  m_NavMeshLayer: 0
  m_StaticEditorFlags: 0
  m_IsActive: 1
--- !u!4 &4194928020895761194
Transform:
  m_ObjectHideFlags: 0
  m_CorrespondingSourceObject: {fileID: 0}
  m_PrefabInstance: {fileID: 0}
  m_PrefabAsset: {fileID: 0}
  m_GameObject: {fileID: 4194928020895761190}
  m_LocalRotation: {x: -0.4790804, y: -0.5200788, z: -0.4790804, w: 0.5200788}
  m_LocalPosition: {x: 3.16, y: -8.99, z: 0.01}
  m_LocalScale: {x: 1, y: 1, z: 1}
  m_Children: []
  m_Father: {fileID: 4194928020594508293}
  m_RootOrder: 0
  m_LocalEulerAnglesHint: {x: -85.301, y: -90.00001, z: 0}
--- !u!20 &4194928020895761195
Camera:
  m_ObjectHideFlags: 0
  m_CorrespondingSourceObject: {fileID: 0}
  m_PrefabInstance: {fileID: 0}
  m_PrefabAsset: {fileID: 0}
  m_GameObject: {fileID: 4194928020895761190}
  m_Enabled: 1
  serializedVersion: 2
  m_ClearFlags: 1
  m_BackGroundColor: {r: 0.19215687, g: 0.3019608, b: 0.4745098, a: 0}
  m_projectionMatrixMode: 1
  m_GateFitMode: 2
  m_FOVAxisMode: 0
  m_SensorSize: {x: 36, y: 24}
  m_LensShift: {x: 0, y: 0}
  m_FocalLength: 50
  m_NormalizedViewPortRect:
    serializedVersion: 2
    x: 0.5
    y: 0
    width: 0.5
    height: 1
  near clip plane: 0.3
  far clip plane: 1000
  field of view: 60
  orthographic: 0
  orthographic size: 5
  m_Depth: -1
  m_CullingMask:
    serializedVersion: 2
    m_Bits: 4294967295
  m_RenderingPath: -1
  m_TargetTexture: {fileID: 0}
  m_TargetDisplay: 0
  m_TargetEye: 3
  m_HDR: 1
  m_AllowMSAA: 1
  m_AllowDynamicResolution: 0
  m_ForceIntoRT: 0
  m_OcclusionCulling: 1
  m_StereoConvergence: 10
  m_StereoSeparation: 0.022
--- !u!114 &4194928020895761193
MonoBehaviour:
  m_ObjectHideFlags: 0
  m_CorrespondingSourceObject: {fileID: 0}
  m_PrefabInstance: {fileID: 0}
  m_PrefabAsset: {fileID: 0}
  m_GameObject: {fileID: 4194928020895761190}
  m_Enabled: 0
  m_EditorHideFlags: 0
  m_Script: {fileID: 11500000, guid: a175af755d5ef5542bd578387d14bd10, type: 3}
  m_Name: 
  m_EditorClassIdentifier: 
--- !u!1001 &4194928020844542666
PrefabInstance:
  m_ObjectHideFlags: 0
  serializedVersion: 2
  m_Modification:
    m_TransformParent: {fileID: 4194928020594508293}
    m_Modifications:
    - target: {fileID: -927199367670048503, guid: 5400ddd8629048843adc819bbc93d1bf,
        type: 3}
      propertyPath: m_Name
      value: platypus
      objectReference: {fileID: 0}
    - target: {fileID: -4216859302048453862, guid: 5400ddd8629048843adc819bbc93d1bf,
        type: 3}
      propertyPath: m_LocalPosition.x
      value: -0.17855586
      objectReference: {fileID: 0}
    - target: {fileID: -4216859302048453862, guid: 5400ddd8629048843adc819bbc93d1bf,
        type: 3}
      propertyPath: m_LocalPosition.y
      value: -0.3772666
      objectReference: {fileID: 0}
    - target: {fileID: -4216859302048453862, guid: 5400ddd8629048843adc819bbc93d1bf,
        type: 3}
      propertyPath: m_LocalPosition.z
      value: 0.0069999695
      objectReference: {fileID: 0}
    - target: {fileID: -4216859302048453862, guid: 5400ddd8629048843adc819bbc93d1bf,
        type: 3}
      propertyPath: m_LocalRotation.x
      value: -0.50000006
      objectReference: {fileID: 0}
    - target: {fileID: -4216859302048453862, guid: 5400ddd8629048843adc819bbc93d1bf,
        type: 3}
      propertyPath: m_LocalRotation.y
      value: -0.5
      objectReference: {fileID: 0}
    - target: {fileID: -4216859302048453862, guid: 5400ddd8629048843adc819bbc93d1bf,
        type: 3}
      propertyPath: m_LocalRotation.z
      value: -0.50000006
      objectReference: {fileID: 0}
    - target: {fileID: -4216859302048453862, guid: 5400ddd8629048843adc819bbc93d1bf,
        type: 3}
      propertyPath: m_LocalRotation.w
      value: 0.5
      objectReference: {fileID: 0}
    - target: {fileID: -4216859302048453862, guid: 5400ddd8629048843adc819bbc93d1bf,
        type: 3}
      propertyPath: m_RootOrder
      value: 1
      objectReference: {fileID: 0}
    - target: {fileID: -4216859302048453862, guid: 5400ddd8629048843adc819bbc93d1bf,
        type: 3}
      propertyPath: m_LocalEulerAnglesHint.x
      value: 30
      objectReference: {fileID: 0}
    - target: {fileID: -4216859302048453862, guid: 5400ddd8629048843adc819bbc93d1bf,
        type: 3}
      propertyPath: m_LocalEulerAnglesHint.y
      value: -90
      objectReference: {fileID: 0}
    - target: {fileID: -4216859302048453862, guid: 5400ddd8629048843adc819bbc93d1bf,
        type: 3}
      propertyPath: m_LocalEulerAnglesHint.z
      value: 0
      objectReference: {fileID: 0}
    - target: {fileID: -4216859302048453862, guid: 5400ddd8629048843adc819bbc93d1bf,
        type: 3}
      propertyPath: m_LocalScale.x
      value: 40.000015
      objectReference: {fileID: 0}
    - target: {fileID: -4216859302048453862, guid: 5400ddd8629048843adc819bbc93d1bf,
        type: 3}
      propertyPath: m_LocalScale.y
      value: 40
      objectReference: {fileID: 0}
    - target: {fileID: -4216859302048453862, guid: 5400ddd8629048843adc819bbc93d1bf,
        type: 3}
      propertyPath: m_LocalScale.z
      value: 40.00002
      objectReference: {fileID: 0}
    - target: {fileID: -1504981713932161579, guid: 5400ddd8629048843adc819bbc93d1bf,
        type: 3}
      propertyPath: m_Materials.Array.data[0]
      value: 
      objectReference: {fileID: 2100000, guid: b207d0854c2cd6c40af292c152dbda08, type: 2}
    m_RemovedComponents: []
  m_SourcePrefab: {fileID: 100100000, guid: 5400ddd8629048843adc819bbc93d1bf, type: 3}
--- !u!4 &9173221119692165584 stripped
Transform:
  m_CorrespondingSourceObject: {fileID: -4216859302048453862, guid: 5400ddd8629048843adc819bbc93d1bf,
    type: 3}
  m_PrefabInstance: {fileID: 4194928020844542666}
  m_PrefabAsset: {fileID: 0}
